---
---

@InCollection{LacomisAutomaticallyReducing2019,
  author =       {Jeremy Lacomis and Jonathan Dorn and Westley Weimer and
                  Stephanie Forrest},
  title =        {Automatically Reducing Energy Consumption of Software},
  editor = 	 {David H. Wolpert and Chris Kempes and Peter F. Stadler and
                  Joshua A. Grochow},
  booktitle =    {The Energetics of Computing in Life and Machines},
  publisher =    {The SFI Press},
  year =         2019,
}

@InProceedings{ChenVarCLR2022,
  author =       {Qibin Chen and Jeremy Lacomis and Edward J. Schwartz and
                  Graham Neubig and Bogdan Vasilescu and Claire {Le~Goues}},
  title =        {{VarCLR}: {Variable} Semantic Representation Pre-training via Contrastive Learning},
  booktitle =    {International Conference on Software Engineering},
  year =         {2022},
  series =       {ICSE '22},
}

@InProceedings{ChenDIRTY2022,
  author = 	 {Qibin Chen and Jeremy Lacomis and Edward J. Schwartz and Claire {Le~Goues} and Graham Neubig and Bogdan Vasilescu},
  title = 	 {Augmenting Decompiler Output with Learned Variable Names and Types},
  booktitle =	 {USENIX Security Symposium},
  year =	 {2022},
  series =	 {Oakland '22},
}

@InProceedings{LacomisDIRE2019,
  author =       {Jeremy Lacomis and Pengcheng Yin and Edward J. Schwartz and
                  Miltiadis Allamanis and Claire {Le~Goues} and Graham Neubig
                  and Bogdan Vasilescu},
  title =        {{DIRE}: {A} Neural Approach to Decompiled Identifier Naming},
  booktitle =    {International Conference on Automated Software Engineering},
  year =         {2019},
  series =       {ASE '19},
  data =         {https://doi.org/10.5281/zenodo.3403077},
  slides =       {LacomisDIRE2019Slides.pdf},
}

@InProceedings{JaffeDecompiledNames2019,
  author =	 {Alan Jaffe and Jeremy Lacomis and Edward J. Schwartz and Claire
                  {Le~Goues} and Bogdan Vasilescu},
  title =	 {Meaningful Variable Names for Decompiled Code: {A} Machine
                  Translation Approach},
  booktitle =	 {International Conference on Program Comprehension},
  year =	 2018,
  month = May,
  series =	 {ICPC '18},
  pages =        {20--30},
}

@InProceedings{ShypulaSuperoptimization2022,
  author =       {Alexander G. Shypula and Pengcheng Yin and Jeremy Lacomis and Claire {Le~Goues} and Edward J. Schwartz and Graham Neubig},
  title =        {Learning to Superoptimize Real-World Programs},
  booktitle =    {Deep Learning for Code Workshop},
  year =         {2022},
  series =       {DL4C '22},
}

@InProceedings{AfzalTuringTest2018,
  author =	 {Afsoon Afzal and Jeremy Lacomis and Claire {Le~Goues} and
                  Christopher S. Timperley},
  title =	 {A Turing Test for Genetic Improvement},
  booktitle =	 {Genetic Improvement Workshop},
  year =	 2018,
  month = May,
  series =	 {GI '18},
  pages =        {17--18},
}

@InProceedings{LacomisSMTRenaming2018,
  author =       {Jeremy Lacomis and Alan Jaffe and Edward J. Schwartz and
                  Claire {Le~Goues} and Bogdan Vasilescu},
  title =        {Statistical Machine Translation is a Natural Fit for
                  Identifier Renaming in Software Source Code},
  booktitle = {Statistical Modeling of Natural Software Corpora, 2018 {AAAI} Workshop},
  year =      {2018},
  month =     {February},
  pages =     {771--774},
}

@Article{DornPowerGAUGE2017,
  author =       {Jonathan Dorn and Jeremy Lacomis and Westley Weimer and
                  Stephanie Forrest},
  title =        {Automatically Exploring Tradeoffs Between Software Output
                  Fidelity and Energy Costs},
  journal =      {Transactions on Software Engineering},
  year =         2017,
  volume =       {PP},
  month =        {November},
}

@Article{DramkoDIREData2022,
  author =       {Luke Dramko and Jeremy Lacomis and Pengcheng Yin and
                  Edward J. Schwartz and Miltiadis Allamanis and Graham Neubig and Bodan Vasilescu and Claire {Le~Goues}},
  title =        {DIRE and its Data: {N}eural Decompiled Variable Renamings with respect to Software Class},
  journal =      {Transactions on Software Engineering and Methodology},
  year =         2022,
}

@Conference{LacomisTypeConstraints2018,
  author =       {Jeremy Lacomis},
  title =        {Constraint-Guided Statistical Type Reconstruction for Decompilation},
  booktitle =    {In-Vivo Analytics for Big Software Quality},
  year =         {2018},
  month =        {September},
  slides =       {LacomisTypeConstraints2018Slides.pdf},
}

@Conference{LacomisCactusCon2019,
  author =       {Jeremy Lacomis},
  title =        {DIRE: Renaming Variables in Decompiled Code with Neural Nets},
  booktitle =    {CactusCon},
  year =         {2019},
}

